@online{pessoa_lighthouse,
    author = {PessoaP},
    title = {Lighthouse Problem},
    url = {https://github.com/PessoaP/blog/blob/master/Lighthouse/Lighthouse.ipynb},
    urldate = {2024-01-15}
}

@book{sivia_data_analysis,
    author = {Sivia, Devinderjit and Skilling, John},
    title = {Data Analysis: A Bayesian Tutorial},
    year = {2006},
    publisher = {Oxford University Press, Incorporated},
    url = {https://doi.org/10.1093/oso/9780198568315.001.0001}
}


@article{FJames2006,
    author = {James, Frederick},
    year = {2006},
    month = {11},
    pages = {},
    title = {Statistical Methods in Experimental Physics: 2nd Edition},
    isbn = {978-981-256-795-6},
    doi = {10.1142/6096}
}


@article{karamanis_zeus,
    author = {Karamanis, Minas and Beutler, Florian and Peacock, John A.},
    title = {zeus: A Python implementation of Ensemble Slice Sampling for efficient Bayesian parameter inference},
    year = {2021},
    journal = {Monthly Notices of the Royal Astronomical Society},
    doi = {10.1093/mnras/stab000},
    url = {https://arxiv.org/abs/2105.03468},
    archivePrefix = {arXiv},
    primaryClass = {astro-ph.IM},
    eprint = {2105.03468}
}

@online{wiki_slicesampling,
    author = {Wikipedia},
    title = {Slice sampling},
    url = {https://en.wikipedia.org/wiki/Slice_sampling},
    urldate = {2024-01-15}
}

@online{zeus_mcmc,
    author = {The zeus-mcmc Development Team},
    title = {zeus-mcmc Documentation},
    url = {https://zeus-mcmc.readthedocs.io/en/latest/index.html},
    urldate = {2024-01-15}
}

@online{gelman_rubin_statistic,
    author = {Gelman, Andrew and Rubin, Donald B.},
    title = {Inference from Iterative Simulation Using Multiple Sequences},
    year = {1992},
    journal = {Statistical Science},
    volume = {7},
    number = {4},
    pages = {457-472},
    url = {https://projecteuclid.org/euclid.ss/1177011136},
    urldate = {2024-01-15}
}

@article{gareth_roberts_mcmc,
    author = {Roberts, Gareth O. and Rosenthal, Jeffrey S.},
    title = {Examples of Adaptive MCMC},
    year = {2009},
    journal = {Journal of Computational and Graphical Statistics},
    volume = {18},
    number = {2},
    pages = {349-367},
    doi = {10.1198/jcgs.2009.06134},
    url = {https://www.statslab.cam.ac.uk/~grg/teaching/chapter12.pdf}
}
@article{knuth_bayesian_evidence,
    author = {Knuth, Kevin H. and Habeck, Michael and Malakar, Nabin K. and Mubeen, Asim M. and Placek, Ben},
    title = {Bayesian Evidence and Model Selection},
    year = {2015},
    journal = {Digital Signal Processing},
    volume = {47},
    pages = {50-67},
    doi = {10.1016/j.dsp.2015.06.012},
    url = {https://doi.org/10.48550/arXiv.1411.3013}
}

@article{ravenzwaaij_markov_chain,
    author = {van Ravenzwaaij, Don and Cassey, Peter and Brown, Scott D.},
    title = {A simple introduction to {Markov Chain Monte--Carlo} sampling},
    year = {2018},
    journal = {Psychonomic Bulletin \& Review},
    volume = {25},
    number = {1},
    pages = {143--154},
    doi = {10.3758/s13423-016-1015-8},
    url = {https://doi.org/10.3758/s13423-016-1015-8}
}

@online{slideserve_bayesian_evidence,
    author = {Kindlmann, G. L.},
    title = {Bayesian Evidence for Visualizing Model Selection Uncertainty},
    year = {2020},
    url = {https://www.slideserve.com/aulii/bayesian-evidence-for-visualizing-model-selection-uncertainty-powerpoint-ppt-presentation},
    urldate = {2024-01-15}
}

@online{li_monte_carlo,
    author = {Li, Suyang},
    title = {Monte Carlo Approximation Methods: Which one should you choose and when?},
    year = {2023},
    journal = {Towards Data Science},
    url = {https://towardsdatascience.com/monte-carlo-approximation-methods-which-one-should-you-choose-and-when-76a3},
    urldate = {2024-01-15}
}

@article{metropolis_hastings,
author = {Robert, Christian P.},
title = {The Metropolis Hastings Algorithm},
year = {2015},
journal = {Statistical Analysis and Data Mining: The ASA Data Science Journal},
volume = {8},
number = {4},
pages = {235-245},
doi = {10.1002/9781118445112.stat07834},
url = {https://doi.org/10.1002/9781118445112.stat07834}
}

@article{bedard_optimal_acceptance_rates,
author = {Bédard, Mylène},
title = {Optimal Acceptance Rates for Metropolis Algorithms: Moving Beyond 0.234},
year = {2006},
url = {http://probability.ca/jeff/ftpdir/mylene2.pdf}
}

@article{vandeschoot_bayesian_statistics,
    author = {van de Schoot, Rens and Depaoli, Sarah and King, Rayko and et al.},
    title = {Bayesian statistics and modelling},
    year = {2021},
    journal = {Nature Reviews Methods Primers},
    volume = {1},
    number = {1},
    pages = {1},
    doi = {10.1038/s43586-020-00001-2},
    url = {https://doi.org/10.1038/s43586-020-00001-2}
}

@online{wiki_metropolis_hastings,
    author = {Wikipedia},
    title = {Metropolis-Hastings algorithm},
    url = {https://en.wikipedia.org/wiki/Metropolis–Hastings_algorithm},
    urldate = {2024-01-15}
}

@online{wiki_autocorrelation,
author = {Wikipedia},
title = {Auto-correlation of stochastic processes},
url = {https://en.wikipedia.org/wiki/Autocorrelation#Auto-correlation_of_stochastic_processes}
}

@article{neal_slice_sampling,
    author = {Neal, Radford M.},
    title = {Slice sampling},
    year = {2003},
    month = {6},
    journal = {Annals of Statistics},
    volume = {31},
    number = {3},
    pages = {705-767},
    doi = {10.1214/aos/1056562461}
}
